@inproceedings{he2016interpretese,
  title={Interpretese vs. Translationese: The Uniqueness of Human Strategies in Simultaneous Interpretation},
  author={He He and Jordan Boyd-Graber and Hal Daumé III},
  booktitle={Proceedings of the 2016 Conference of the North American Chapter of the Association for Computational Linguistics: Human Language Technologies},
  pages={971--976},
  year={2016},
  address={San Diego, California},
  publisher={Association for Computational Linguistics}
}

@article{seeber2011cognitive,
  title={Cognitive load in simultaneous interpreting: Existing theories -- new models},
  author={Kilian G. Seeber},
  journal={Interpreting: International Journal of Research and Practice in Interpreting},
  volume={13},
  number={2},
  pages={176--204},
  year={2011},
  publisher={John Benjamins Publishing Company},
  doi={10.1075/intp.13.2.02see}
}

@article{seeber2012cognitive,
  title={Cognitive load in simultaneous interpreting: Model meets data},
  author={Seeber, Kilian G. and Kerzel, Dirk},
  journal={International Journal of Bilingualism},
  volume={16},
  number={2},
  pages={228--242},
  year={2012},
  publisher={SAGE Publications},
  doi={10.1177/1367006911402982}
}

@article{seeber2013cognitive,
  title={Cognitive load in simultaneous interpreting: Measures and methods},
  author={Seeber, Kilian G.},
  journal={Target. International Journal of Translation Studies},
  volume={25},
  number={1},
  pages={18--37},
  year={2013},
  publisher={John Benjamins Publishing Company},
  doi={10.1075/target.25.1.03see}
}

@inproceedings{doi2024evaluation,
  title={順送り訳データに基づく英日同時機械翻訳の評価},
  author={土肥康輔 and 胡尤佳 and 蒔苗茉那 and 須藤克仁 and 中村哲 and 渡辺太郎},
  booktitle={言語処理学会第30回年次大会発表論文集},
  year={2024},
  organization={言語処理学会}
}

@article{hervais2015fmri,
  title={fMRI of simultaneous interpretation reveals the neural basis of extreme language control},
  author={Hervais-Adelman, Alexis and Moser-Mercer, Barbara and Michel, Christoph M. and Golestani, Narly},
  journal={Cerebral Cortex},
  volume={25},
  number={12},
  pages={4727--4739},
  year={2015},
  publisher={Oxford University Press},
  doi={10.1093/cercor/bhu158}
}

@article{hervais2015plasticity,
  title={Brain functional plasticity associated with the emergence of expertise in extreme language control},
  author={Hervais-Adelman, Alexis and Moser-Mercer, Barbara and Golestani, Narly},
  journal={NeuroImage},
  volume={114},
  pages={264--274},
  year={2015},
  publisher={Elsevier},
  doi={10.1016/j.neuroimage.2015.03.072}
}

@article{lin2018costly,
  title={Which is more costly in Chinese to English simultaneous interpreting, "pairing" or "transphrasing"? Evidence from an fNIRS neuroimaging study},
  author={Lin, Xiaohong and Guo, Tingting and Wang, Jia and Ding, Guosheng and Yang, Junfeng},
  journal={Neurophotonics},
  volume={5},
  number={2},
  pages={025010},
  year={2018},
  publisher={SPIE}
}

@article{li2022petit,
  title={Le Petit Prince multilingual naturalistic fMRI corpus},
  author={Li, Jixing and Bhattasali, Shohini and Zhang, Shujian and others},
  journal={Scientific Data},
  volume={9},
  number={1},
  pages={530},
  year={2022},
  publisher={Nature Publishing Group},
  doi={10.1038/s41597-022-01625-7},
  url={https://doi.org/10.1038/s41597-022-01625-7}
}

@article{mcdougal2016reproducibility,
  title={Reproducibility in Computational Neuroscience Models and Simulations},
  author={McDougal, Robert A. and Bulanova, Anna S. and Lytton, William W.},
  journal={IEEE Transactions on Biomedical Engineering},
  volume={63},
  number={10},
  pages={2021--2035},
  year={2016},
  publisher={IEEE},
  doi={10.1109/TBME.2016.2539602}
}

@article{ishizuka2024two,
  title={Two levels of information packaging and cognitive operations during simultaneous interpreting: An analysis via additional demonstratives},
  author={Ishizuka, Hiroyuki},
  journal={Ampersand},
  volume={12},
  pages={100165},
  year={2024},
  publisher={Elsevier},
  issn={2215-0390},
  doi={10.1016/j.amper.2024.100165}
}

@article{dangelo2013realistic,
  title={Realistic modeling of neurons and networks: towards brain simulation},
  author={D'Angelo, Egidio and Solinas, Sergio and Garrido, Jesús and Casellato, Claudia and Pedrocchi, Alessandra and Mapelli, Jonathan and Gandolfi, Daniela and Prestori, Francesca},
  journal={Functional Neurology},
  volume={28},
  number={3},
  pages={153--166},
  year={2013},
  month={Jul-Sep},
  pmid={24139652},
  pmcid={PMC3812748}
}

% New additions based on ref_pdfs/ref_text
@article{vandeputte2018anatomical,
  title={Anatomical and functional changes in the brain after simultaneous interpreting training: A longitudinal study},
  author={Van de Putte, Eowyn and De Baene, Wouter and García-Penton, Lorna and Woumans, Evy and Dijkgraaf, Aster and Duyck, Wouter},
  journal={Cortex},
  volume={99},
  pages={243--257},
  year={2018},
  publisher={Elsevier},
  doi={10.1016/j.cortex.2017.11.024}
}

@article{plevoets2018cognitive,
  title={The cognitive load of interpreters in the European Parliament: A corpus-based study of predictors for the disfluency uh(m)},
  author={Plevoets, Koen and Defrancq, Bart},
  journal={Interpreting: International Journal of Research and Practice in Interpreting},
  volume={20},
  number={1},
  pages={1--28},
  year={2018},
  publisher={John Benjamins Publishing Company},
  doi={10.1075/intp.00001.ple}
}

@article{yagura2021selective,
  title={Selective Attention Measurement of Experienced Simultaneous Interpreters Using EEG Phase-Locked Response},
  author={Yagura, Haruko and Tanaka, Hiroki and Kinoshita, Taiki and Watanabe, Hiroki and Motomura, Shunnosuke and Sudoh, Katsuhito and Nakamura, Satoshi},
  journal={Frontiers in Human Neuroscience},
  volume={15},
  pages={581525},
  year={2021},
  publisher={Frontiers Media SA},
  doi={10.3389/fnhum.2021.581525}
}

@inproceedings{ma2024nast,
  title={A Non-autoregressive Generation Framework for End-to-End Simultaneous Speech-to-Speech Translation},
  author={Ma, Zhengrui and Fang, Qingkai and Zhang, Shaolei and Guo, Shoutao and Feng, Yang and Zhang, Min},
  booktitle={Proceedings of the 62nd Annual Meeting of the Association for Computational Linguistics},
  pages={13295--13309},
  year={2024},
  publisher={Association for Computational Linguistics}
}

@article{seamless2023m4t,
  title={SeamlessM4T: Massively Multilingual \& Multimodal Machine Translation},
  author={{Seamless Communication} and Barrault, Loïc and Chung, Yu-An and Meglioli, Mariano Coria and Dale, David and Dong, Ning and Duquenne, Paul-Ambroise and Elsahar, Hady and Gong, Hongyu and Heffernan, Kevin and Hoffman, John and Klaiber, Christopher and Li, Pengwei and Licht, Daniel and Maillard, Jean and Rakotoarison, Alice and Sadagopan, Kaushik Ram and Wenzek, Guillaume and Ye, Ethan and others},
  journal={arXiv preprint arXiv:2308.11596},
  year={2023}
}

@inproceedings{zhang2024streamspeech,
  title={StreamSpeech: Simultaneous Speech-to-Speech Translation with Multi-task Learning},
  author={Zhang, Shaolei and Fang, Qingkai and Guo, Shoutao and Ma, Zhengrui and Zhang, Min and Feng, Yang},
  booktitle={Proceedings of the 62nd Annual Meeting of the Association for Computational Linguistics},
  pages={8964--8980},
  year={2024},
  publisher={Association for Computational Linguistics}
}

@inproceedings{papi2023attention,
  title={Attention as a Guide for Simultaneous Speech Translation},
  author={Papi, Sara and Negri, Matteo and Turchi, Marco},
  booktitle={Proceedings of the 2023 Conference on Empirical Methods in Natural Language Processing},
  pages={13340--13353},
  year={2023},
  publisher={Association for Computational Linguistics}
}

@article{liu2024recent,
  title={Recent Advances in End-to-End Simultaneous Speech Translation},
  author={Liu, Xiaoqian and Hu, Guoqiang and Du, Yangfan and He, Erfeng and Luo, Yingfeng and Xu, Chen and Xiao, Tong and Zhu, Jingbo},
  journal={arXiv preprint arXiv:2407.18858},
  year={2024}
}

@book{gile1995regards,
  title={Regards sur la recherche en interprétation de conférence},
  author={Gile, Daniel},
  year={1995},
  publisher={Presses universitaires de Lille},
  address={Lille}
}

@incollection{gile1997conference,
  title={Conference interpreting as a cognitive management problem},
  author={Gile, Daniel},
  booktitle={Cognitive processes in translation and interpreting},
  editor={Danks, Joseph H. and Shreve, Gregory M. and Fountain, Stephen B. and McBeath, Michael K.},
  pages={196--214},
  year={1997},
  publisher={SAGE Publications},
  address={Thousand Oaks, CA}
}

@book{kahneman1973attention,
  title={Attention and effort},
  author={Kahneman, Daniel},
  year={1973},
  publisher={Prentice-Hall},
  address={Englewood Cliffs, NJ}
}

@incollection{wickens1984processing,
  title={Processing resources in attention},
  author={Wickens, Christopher D.},
  booktitle={Varieties of attention},
  editor={Parasuraman, Raja and Davies, D. Roy},
  pages={63--102},
  year={1984},
  publisher={Academic Press},
  address={Orlando, FL}
}

@article{wickens2002multiple,
  title={Multiple resources and performance prediction},
  author={Wickens, Christopher D.},
  journal={Theoretical Issues in Ergonomics Science},
  volume={3},
  number={2},
  pages={159--177},
  year={2002},
  publisher={Taylor \& Francis},
  doi={10.1080/14639220210123806}
}

@inproceedings{vaswani2017attention,
  title={Attention is all you need},
  author={Vaswani, Ashish and Shazeer, Noam and Parmar, Niki and Uszkoreit, Jakob and Jones, Llion and Gomez, Aidan N and Kaiser, {\L}ukasz and Polosukhin, Illia},
  booktitle={Advances in Neural Information Processing Systems},
  volume={30},
  year={2017},
  publisher={Curran Associates, Inc.}
} 