@inproceedings{he2016interpretese,
  title={Interpretese vs. Translationese: The Uniqueness of Human Strategies in Simultaneous Interpretation},
  author={He He and Jordan Boyd-Graber and Hal Daumé III},
  booktitle={Proceedings of the 2016 Conference of the North American Chapter of the Association for Computational Linguistics: Human Language Technologies},
  pages={971--976},
  year={2016},
  address={San Diego, California},
  publisher={Association for Computational Linguistics}
}

@article{li2022petit,
  title={Le Petit Prince multilingual naturalistic fMRI corpus},
  author={Li, Jixing and Bhattasali, Shohini and Zhang, Shujian and others},
  journal={Scientific Data},
  volume={9},
  number={1},
  pages={530},
  year={2022},
  publisher={Nature Publishing Group},
  doi={10.1038/s41597-022-01625-7},
  url={https://doi.org/10.1038/s41597-022-01625-7}
}

@article{mcdougal2016reproducibility,
  title={Reproducibility in Computational Neuroscience Models and Simulations},
  author={McDougal, Robert A. and Bulanova, Anna S. and Lytton, William W.},
  journal={IEEE Transactions on Biomedical Engineering},
  volume={63},
  number={10},
  pages={2021--2035},
  year={2016},
  publisher={IEEE},
  doi={10.1109/TBME.2016.2539602}
}

@article{ishizuka2024two,
  title={Two levels of information packaging and cognitive operations during simultaneous interpreting: An analysis via additional demonstratives},
  author={Ishizuka, Hiroyuki},
  journal={Ampersand},
  volume={12},
  pages={100165},
  year={2024},
  publisher={Elsevier},
  issn={2215-0390},
  doi={10.1016/j.amper.2024.100165}
}

@article{dangelo2013realistic,
  title={Realistic modeling of neurons and networks: towards brain simulation},
  author={D'Angelo, Egidio and Solinas, Sergio and Garrido, Jesús and Casellato, Claudia and Pedrocchi, Alessandra and Mapelli, Jonathan and Gandolfi, Daniela and Prestori, Francesca},
  journal={Functional Neurology},
  volume={28},
  number={3},
  pages={153--166},
  year={2013},
  month={Jul-Sep},
  pmid={24139652},
  pmcid={PMC3812748}
} 